@article{PhysRevA.48.3561,
  title = {Two electrons in an external oscillator potential: Particular
           analytic solutions of a Coulomb correlation problem},
  author = {Taut, M.},
  journal = {Phys. Rev. A},
  volume = {48},
  issue = {5},
  pages = {3561--3566},
  numpages = {0},
  year = {1993},
  month = {Nov},
  publisher = {American Physical Society},
  doi = {10.1103/PhysRevA.48.3561},
  url = {https://link.aps.org/doi/10.1103/PhysRevA.48.3561}
}

@article{lectureNotes,
    title = {FYS3150 Lecture Notes},
    Author={M.H.Jensen},
    journal = {CP. UiO},
    year = {2015},
    month = {fall},
    url= {https://github.com/CompPhysics/ComputationalPhysics/raw/master/doc/Lectures/lectures2015.pdf}
}


@article{PhysRev.65.117,
  title = {Crystal Statistics. I. A Two-Dimensional Model with an Order-Disorder Transition},
  author = {Onsager, Lars},
  journal = {Phys. Rev.},
  volume = {65},
  issue = {3-4},
  pages = {117--149},
  numpages = {0},
  year = {1944},
  month = {Feb},
  publisher = {American Physical Society},
  doi = {10.1103/PhysRev.65.117},
  url = {https://link.aps.org/doi/10.1103/PhysRev.65.117}
}

