
@article{PhysRevA.48.3561,
  title = {Two electrons in an external oscillator potential: Particular
           analytic solutions of a Coulomb correlation problem},
  author = {Taut, M.},
  journal = {Phys. Rev. A},
  volume = {48},
  issue = {5},
  pages = {3561--3566},
  numpages = {0},
  year = {1993},
  month = {Nov},
  publisher = {American Physical Society},
  doi = {10.1103/PhysRevA.48.3561},
  url = {https://link.aps.org/doi/10.1103/PhysRevA.48.3561}
}

@article{lectureNotes,
    title = {FYS3150 Lecture Notes},
    Author={M.H.Jensen},
    year = {2015},
    month = {fall},
    url= {https://github.com/CompPhysics/ComputationalPhysics/raw/master/doc/Lectures/lectures2015.pdf}
}
